<record>
  <leader>01714cam a2200385 i 4500</leader>
  <controlfield tag='001'>245</controlfield>
  <controlfield tag='005'>20190723172834.0</controlfield>
  <controlfield tag='008'>790316s1978    onca     b    001 0 eng  </controlfield>
  <datafield ind1=' ' ind2=' ' tag='010'>
    <subfield code='a'>   78320853 </subfield>
  </datafield>
  <datafield ind1=' ' ind2=' ' tag='015'>
    <subfield code='a'>C***</subfield>
  </datafield>
  <datafield ind1=' ' ind2=' ' tag='020'>
    <subfield code='a'>9780802022967</subfield>
  </datafield>
  <datafield ind1=' ' ind2=' ' tag='020'>
    <subfield code='a'>0802022960</subfield>
  </datafield>
  <datafield ind1=' ' ind2=' ' tag='035'>
    <subfield code='a'>(OCoLC)ocn505043318</subfield>
  </datafield>
  <datafield ind1=' ' ind2=' ' tag='035'>
    <subfield code='a'>(CStRLIN)NYCG10026053-B</subfield>
  </datafield>
  <datafield ind1=' ' ind2=' ' tag='035'>
    <subfield code='9'>AAA0248CU</subfield>
  </datafield>
  <datafield ind1=' ' ind2=' ' tag='035'>
    <subfield code='a'>(NNC)245</subfield>
  </datafield>
  <datafield ind1=' ' ind2=' ' tag='035'>
    <subfield code='a'>245</subfield>
  </datafield>
  <datafield ind1='0' ind2='0' tag='050'>
    <subfield code='a'>HB99.7</subfield>
    <subfield code='b'>.K3817 1978</subfield>
  </datafield>
  <datafield ind1='0' ind2=' ' tag='082'>
    <subfield code='a'>330.15/6</subfield>
  </datafield>
  <datafield ind1='0' ind2='0' tag='245'>
    <subfield code='a'>Keynes, Cambridge, and the General Theory :</subfield>
    <subfield code='b'>the process of criticism and discussion connected with the development of the General Theory : proceedings of a conference held at the University of Western Ontario, the Hebrew University of Jerusalem, the Canada Council /</subfield>
    <subfield code='c'>edited by Don Patinkin and J. Clark Leith.</subfield>
  </datafield>
  <datafield ind1=' ' ind2=' ' tag='260'>
    <subfield code='a'>Toronto ;</subfield>
    <subfield code='a'>Buffalo :</subfield>
    <subfield code='b'>University of Toronto Press,</subfield>
    <subfield code='c'>1978.</subfield>
  </datafield>
  <datafield ind1=' ' ind2=' ' tag='300'>
    <subfield code='a'>xii, 182 pages :</subfield>
    <subfield code='b'>illustrations ;</subfield>
    <subfield code='c'>23 cm</subfield>
  </datafield>
  <datafield ind1=' ' ind2=' ' tag='336'>
    <subfield code='a'>text</subfield>
    <subfield code='2'>rdacontent</subfield>
  </datafield>
  <datafield ind1=' ' ind2=' ' tag='337'>
    <subfield code='a'>unmediated</subfield>
    <subfield code='2'>rdamedia</subfield>
  </datafield>
  <datafield ind1=' ' ind2=' ' tag='338'>
    <subfield code='a'>volume</subfield>
    <subfield code='2'>rdacarrier</subfield>
  </datafield>
  <datafield ind1=' ' ind2=' ' tag='500'>
    <subfield code='a'>Includes indexes.</subfield>
  </datafield>
  <datafield ind1=' ' ind2=' ' tag='504'>
    <subfield code='a'>Bibliography: p. 166-173.</subfield>
  </datafield>
  <datafield ind1='1' ind2='0' tag='600'>
    <subfield code='a'>Keynes, John Maynard,</subfield>
    <subfield code='d'>1883-1946.</subfield>
    <subfield code='t'>General theory of employment, interest, and money.</subfield>
  </datafield>
  <datafield ind1=' ' ind2='0' tag='650'>
    <subfield code='a'>Keynesian economics.</subfield>
    <subfield code='0'>http://id.loc.gov/authorities/subjects/sh85072125</subfield>
  </datafield>
  <datafield ind1='1' ind2=' ' tag='700'>
    <subfield code='a'>Patinkin, Don.</subfield>
    <subfield code='0'>http://id.loc.gov/authorities/names/n80034064</subfield>
  </datafield>
  <datafield ind1='1' ind2=' ' tag='700'>
    <subfield code='a'>Leith, J. Clark</subfield>
    <subfield code='q'>(James Clark),</subfield>
    <subfield code='d'>1937-</subfield>
    <subfield code='0'>http://id.loc.gov/authorities/names/n50047457</subfield>
  </datafield>
  <datafield ind1='2' ind2=' ' tag='710'>
    <subfield code='a'>University of Western Ontario.</subfield>
    <subfield code='0'>http://id.loc.gov/authorities/names/n79096846</subfield>
  </datafield>
  <datafield ind1='2' ind2=' ' tag='710'>
    <subfield code='a'>Universiṭah ha-ʻIvrit bi-Yerushalayim.</subfield>
    <subfield code='0'>http://id.loc.gov/authorities/names/n79139437</subfield>
  </datafield>
  <datafield ind1='0' ind2='0' tag='852'>
    <subfield code='b'>mil</subfield>
    <subfield code='h'>HB99.7</subfield>
    <subfield code='i'>.K3817 1978</subfield>
  </datafield>
  <datafield ind1=' ' ind2=' ' tag='900'>
    <subfield code='5'>POD</subfield>
    <subfield code='b'>NNC</subfield>
  </datafield>
</record>
